@inproceedings{boyer2007quantum,
  title={Quantum key distribution with classical Bob},
  author={Boyer, Michel and Kenigsberg, Dan and Mor, Tal},
  booktitle={2007 First International Conference on Quantum, Nano, and Micro Technologies (ICQNM'07)},
  pages={10--10},
  year={2007},
  organization={IEEE}
}

@article{bennett2014quantum,
  title={Quantum cryptography: public key distribution and coin tossing.},
  author={Bennett, Charles H and Brassard, Gilles},
  journal={Theor. Comput. Sci.},
  volume={560},
  number={12},
  pages={7--11},
  year={2014}
}

@article{iqbal2019high,
  title={High-Dimensional Semi-Quantum Cryptography},
  author={Iqbal, Hasan and Krawec, Walter O},
  journal={arXiv preprint arXiv:1907.11340},
  year={2019}
}